<?xml version="1.0" encoding="UTF-8"?><collection xmlns="http://www.loc.gov/MARC21/slim"><record><leader>00519nam--2200181-i-4500</leader><controlfield tag="001">000031196</controlfield><controlfield tag="002">20161230</controlfield><controlfield tag="005">20161230201038</controlfield><controlfield tag="008">060222s1000------------r-----000-0-ger-d</controlfield><datafield ind1=" " ind2=" " tag="040"><subfield code="a">IFIN-HH</subfield></datafield><datafield ind1=" " ind2=" " tag="041"><subfield code="a">ger</subfield></datafield><datafield ind1=" " ind2=" " tag="080"><subfield code="a">53(038)</subfield></datafield><datafield ind1="1" ind2=" " tag="100"><subfield code="a">Lohr, Erwin</subfield></datafield><datafield ind1="1" ind2="0" tag="245"><subfield code="a">Vektor-und dyadenrechnung fur physiker und techniker.mit 34 figuren im text.2 auflage mit einem nachtrag</subfield><subfield code="c">Erwin lohr</subfield></datafield><datafield ind1=" " ind2=" " tag="260"><subfield code="a">Berlin</subfield><subfield code="b">Walter De Gruyter &amp; Co</subfield><subfield code="c">1950</subfield></datafield><datafield ind1=" " ind2=" " tag="300"><subfield code="a">XV+488P</subfield></datafield><datafield ind1=" " ind2=" " tag="852"><subfield code="a">75864</subfield><subfield code="c">53</subfield></datafield><datafield ind1=" " ind2=" " tag="CAT"><subfield code="a">Sys</subfield><subfield code="c">20150812</subfield><subfield code="h">125626</subfield></datafield></record></collection>